<record><leader>00000cas a2200000 a 4500</leader><controlfield tag="001">794980375</controlfield><controlfield tag="008">120608d19111934oruwr ne      0    0eng c</controlfield><datafield ind1=" " ind2=" " tag="010"><subfield code="a">  2012260095</subfield></datafield><datafield ind1=" " ind2=" " tag="040"><subfield code="a">ORU</subfield><subfield code="b">eng</subfield><subfield code="c">ORU</subfield><subfield code="d">ORU</subfield><subfield code="d">OCLCF</subfield></datafield><datafield ind1=" " ind2=" " tag="042"><subfield code="a">pcc</subfield></datafield><datafield ind1=" " ind2=" " tag="043"><subfield code="a">n-us-or</subfield></datafield><datafield ind1="0" ind2="0" tag="245"><subfield code="a">La Pine inter-mountain.</subfield></datafield><datafield ind1=" " ind2=" " tag="260"><subfield code="a">La Pine, Or. :</subfield><subfield code="b">H. N. Lynn,</subfield><subfield code="c">[1911-1934]</subfield></datafield><datafield ind1="3" ind2=" " tag="260"><subfield code="3">&lt;Apr, 2, 1921-&gt; :</subfield><subfield code="a">La Pine, Or. :</subfield><subfield code="b">William Frederic Arnold</subfield></datafield><datafield ind1=" " ind2=" " tag="300"><subfield code="a">v. :</subfield><subfield code="b">ill.</subfield></datafield><datafield ind1=" " ind2=" " tag="310"><subfield code="a">Weekly</subfield></datafield><datafield ind1="1" ind2=" " tag="362"><subfield code="a">Began in 1911, ceased in 1934.</subfield><subfield code="z">Cf. Turnbull, George S. History of Oregon newspapers.</subfield></datafield><datafield ind1=" " ind2=" " tag="530"><subfield code="a">Also available on microfilm from University of Oregon.</subfield></datafield><datafield ind1=" " ind2=" " tag="588"><subfield code="a">Description based on: Vol. 6, no. 43 (Aug. 30, 1917); title from masthead.</subfield></datafield><datafield ind1=" " ind2=" " tag="588"><subfield code="a">Latest issue consulted: Vol. 8, no. 15 (May 15, 1921).</subfield></datafield><datafield ind1=" " ind2="0" tag="651"><subfield code="a">La Pine (Or.)</subfield><subfield code="v">Newspapers.</subfield></datafield><datafield ind1=" " ind2="0" tag="651"><subfield code="a">Deschutes County (Or.)</subfield><subfield code="v">Newspapers.</subfield></datafield><datafield ind1=" " ind2="7" tag="655"><subfield code="a">Newspapers.</subfield><subfield code="2">fast</subfield><subfield code="0">(OCoLC)fst01423814</subfield></datafield><datafield ind1=" " ind2="7" tag="651"><subfield code="a">Oregon</subfield><subfield code="z">Deschutes County.</subfield><subfield code="2">fast</subfield><subfield code="0">(OCoLC)fst01218303</subfield></datafield><datafield ind1=" " ind2="7" tag="651"><subfield code="a">Oregon</subfield><subfield code="z">La Pine.</subfield><subfield code="2">fast</subfield><subfield code="0">(OCoLC)fst01218951</subfield></datafield><datafield ind1=" " ind2=" " tag="752"><subfield code="a">United States</subfield><subfield code="b">Oregon</subfield><subfield code="c">Deschutes</subfield><subfield code="d">La Pine.</subfield></datafield></record>